@ARTICLE{Abernethy2003,
  author = {Colin D. Abernethy and Gareth M. Codd and Mark D. Spicer
    and Michelle K. Taylor},
  title = {{A} highly stable {N}-heterocyclic carbene complex of
    trichloro-oxo-vanadium(\textsc{v}) displaying novel
    {C}l---{C}(carbene) bonding interactions},
  journal = {Journal of the American Chemical Society},
  year = {2003},
  volume = {125},
  pages = {1128--1129},
  number = {5},
  doi = {10.1021/ja0276321},
}

@MISC{ACS2007,
  url = {http://pubs.acs.org/books/references.shtml},
}

@ARTICLE{Arduengo1992,
  author = {Arduengo, III, Anthony J. and H. V. Rasika Dias and
    Richard L. Harlow and Michael Kline},
  title = {{E}lectronic stabilization of nucleophilic carbenes},
  journal = {Journal of the American Chemical Society},
  year = {1992},
  volume = {114},
  pages = {5530--5534},
  number = {14},
  doi = {10.1021/ja00040a007},
}

@ARTICLE{Arduengo1994,
  author = {Arduengo, III, Anthony J. and Siegfried F. Gamper and
    Joseph C. Calabrese and Fredric Davidson},
  title = {{L}ow-coordinate carbene complexes of nickel(0) and
    platinum(0)},
  journal = {Journal of the American Chemical Society},
  year = {1994},
  volume = {116},
  pages = {4391--4394},
  number = {10},
  doi = {10.1021/ja00089a029},
}

@ARTICLE{Eisenstein2005,
  author = {Appelhans, Leah N. and Zuccaccia, Daniele and Kovacevic,
    Anes and Chianese, Anthony R. and Miecznikowski, John R. and
    Macchioni, Aleco and Clot, Eric and Eisenstein, Odile and
    Crabtree, Robert H.},
  title = {{A}n anion-dependent switch in selectivity results from a
    change of {C}---{H} activation mechanism in the reaction of an
    imidazolium salt with \ce{IrH5(PPh3)2}},
  journal = {Journal of the American Chemical Society},
  year = {2005},
  volume = {127},
  pages = {16299--16311},
  number = {46},
  doi = {10.1021/ja055317j},
}

@BOOK{Coghill2006,
  title = {{T}he {ACS} {S}tyle {G}uide},
  publisher = {{O}xford {U}niversity {P}ress, {I}nc. and
               {T}he {A}merican {C}hemical {S}ociety},
  year = {2006},
  editor = {Coghill, Anne M. and Garson, Lorrin R.},
  address = {{N}ew {Y}ork},
  edition = {3},
  subtitle = {{E}ffective {C}ommunication of {S}cientific
    {I}nformation},
}

@BOOK{Cotton1999,
  title = {{A}dvanced {I}norganic {C}hemistry},
  publisher = {Wiley},
  year = {1999},
  author = {Cotton, Frank Albert and Wilkinson, Geoffrey and
    Murillio, Carlos A. and Bochmann, Manfred},
  address = {Chichester, United Kingdom},
  edition = {6},
}

@TECHREPORT{EuropeanCommission2008,
  address = {Brussels, Belgium},
  organization = {European Commission},
  title = {Communication from the European Commission to the
   European Council and the European Parliament:
   20 20 by 2020: Europe's climate change opportunity},
  year = {2008}
}

@INBOOK{Friedman-Hill2003,
  author         = {E. Friedman-Hill},
  booktitle      = {{J}ess in {A}ction: {J}ava {R}ule-based {S}ystems},
  publisher      = {Manning Publications Co.},
  address        = {Greenwich, CT, USA},
  title          = {Writing Rules in Jess},
  edition        = {1},
  year           = {2003}
}

@PATENT{Johnson1972,
  author       = {Johnson, Alexander Lawrence},
  organization = {E.~I.~du Pont de Nemours},
  number       = {3637731},
  title        = {{1-(Alkylsubstituted phenyl)imidazoles useful in ACTH
    reverse assay}},
  type         = {US~Patent},
  year         = {1972}
}

@MANUAL{Pople2003,
  title = {{G}aussian 03},
  author = {M.~J. Frisch and G.~W. Trucks and H.~B. Schlegel and G.~E. Scuseria
and M.~A. Robb and J.~R. Cheeseman and Montgomery and Jr. and J.
A. and T. Vreven and K.~N. Kudin and J.~C. Burant and J.~M. Millam
and S.~S. Iyengar and J. Tomasi and V. Barone and B. Mennucci and
M. Cossi and G. Scalmani and N. Rega and G.~A. Petersson and H. Nakatsuji
and M. Hada and M. Ehara and K. Toyota and R. Fukuda and J. Hasegawa
and M. Ishida and T. Nakajima and Y. Honda and O. Kitao and H. Nakai
and M. Klene and X. Li and J.~E. Knox and H.~P. Hratchian and J.~B.
Cross and V. Bakken and C. Adamo and J. Jaramillo and R. Gomperts
and R.~E. Stratmann and O. Yazyev and A.~J. Austin and R. Cammi and
C. Pomelli and J.~W. Ochterski and P.~Y. Ayala and K. Morokuma and
G.~A. Voth and P. Salvador and J.~J. Dannenberg and V.~G. Zakrzewski
and S. Dapprich and A.~D. Daniels and M.~C. Strain and O. Farkas
and D.~K. Malick and A.~D. Rabuck and K. Raghavachari and J.~B. Foresman
and J.~V. Ortiz and Q. Cui and A.~G. Baboul and S. Clifford and J.
Cioslowski and B.~B. Stefanov and G. Liu and A. Liashenko and P.
Piskorz and I. Komaromi and R.~L. Martin and D.~J. Fox and T. Keith
and M.~A. Al-Laham and C.~Y. Peng and A. Nanayakkara and M. Challacombe
and P.~M.~W. Gill and B. Johnson and W. Chen and M.~W. Wong and C.
Gonzalez and J.~A. Pople},
  organization = {Gaussian, Inc.},
  address = {Wallingford, CT},
  year = {2004},
  howpublished = {Gaussian, Inc., Wallingford, CT, USA},
  institution = {Gaussian, Inc.},
  publisher = {Gaussian, Inc.}
}

@ARTICLE{Mena2000,
  author = {Angel Abarca and Pilar G\'omez-Sal and Avelino Mart\'in
    and Miguel Mena and Josep Mar\'ia Poblet and Carlos Y\'elamos},
  title = {{A}mmonolysis of mono(pentamethylcyclopentadienyl)
    titanium(\textsc{iv}) derivatives},
  journal = {Inorganic Chemistry},
  year = {2000},
  volume = {39},
  pages = {642--651},
  number = {4},
  doi = {10.1021/ic9907718},
}

%%%%% Economic Impact References %%%%%%%
@misc{goldbeck2012economic,
  title={The Economic Impact of Molecular Modelling of Chemicals and Materials},
  author={Goldbeck, Gerhard},
  journal={Goldbeck Consulting},
  year={2012},
  howpublished={Goldbeck Consulting, \url{https://materialsmodelling.com/wp-content/uploads/2014/01/the-economic-impact-of-modelling.pdf}},
  note = {Accessed: 2021-07-31}
}

@misc{bezoslaw1,
title={{Moore’s law gives way to Bezos’s law}},
author={O'Connor, Greg},
howpublished={GigaOm, \url{https://gigaom.com/2014/04/19/moores-law-gives-way-to-bezoss-law/}},
note = {Accessed: 2021-07-31}
}

@misc{bezoslaw2,
title={Bezos Law},
author={2600Hz Blog},
howpublished={\url{http://blog.2600hz.com/bezos-law}},
note = {Accessed: 2021-07-31}
}

@article{zia2017adaptive,
  title={Adaptive resource utilization prediction system for infrastructure as a service cloud},
  author={Zia Ullah, Qazi and Hassan, Shahzad and Khan, Gul Muhammad},
  journal={Computational intelligence and neuroscience},
  volume={2017},
  year={2017},
  publisher={Hindawi}
}

@article{weinman2014nuances,
  title={The nuances of cloud economics},
  author={Weinman, Joe},
  journal={IEEE Cloud Computing},
  volume={1},
  number={4},
  pages={88--92},
  year={2014},
  publisher={IEEE}
}

@article{lin2015big,
  title={Is big data a transient problem?},
  author={Lin, Jimmy},
  journal={IEEE Internet Computing},
  volume={19},
  number={5},
  pages={86--90},
  year={2015},
  publisher={IEEE}
}


%%%%% Early Computing References %%%%%%%
@article{cromer1965scattering,
  title={{Scattering factors computed from relativistic Dirac--Slater wave functions}},
  author={Cromer, Don Tiffany and Waber, James Thomas},
  journal={Acta Crystallographica},
  volume={18},
  number={1},
  pages={104--109},
  year={1965},
  publisher={International Union of Crystallography}
}

%%%%% NWChem References %%%%%%%
@article{kendall2000high,
  title={{High performance computational chemistry: An overview of NWChem a distributed parallel application}},
  author={Kendall, Ricky A and Apr{\`a}, Edoardo and Bernholdt, David E and Bylaska, Eric J and Dupuis, Michel and Fann, George I and Harrison, Robert J and Ju, Jialin and Nichols, Jeffrey A and Nieplocha, Jarek and others},
  journal={Computer Physics Communications},
  volume={128},
  number={1-2},
  pages={260--283},
  year={2000},
  publisher={Elsevier}
}

@article{valiev2010nwchem,
  title={{NWChem: A comprehensive and scalable open-source solution for large scale molecular simulations}},
  author={Valiev, Marat and Bylaska, Eric J and Govind, Niranjan and Kowalski, Karol and Straatsma, Tjerk P and Van Dam, Hubertus JJ and Wang, Dunyou and Nieplocha, Jarek and Apra, Edoardo and Windus, Theresa L and others},
  journal={Computer Physics Communications},
  volume={181},
  number={9},
  pages={1477--1489},
  year={2010},
  publisher={Elsevier}
}

@article{apra2020nwchem,
  title={{NWChem: Past, present, and future}},
  author={Apra, Edoardo and Bylaska, Eric J and De Jong, Wibe A and Govind, Niranjan and Kowalski, Karol and Straatsma, Tjerk P and Valiev, Marat and van Dam, Hubertus JJ and Alexeev, Yuri and Anchell, James and others},
  journal={Journal of Chemical Physics},
  volume={152},
  number={18},
  pages={184102},
  year={2020},
  publisher={AIP Publishing LLC}
}

@article{kowalski2021nwchem,
  title={{From NWChem to NWChemEx: Evolving with the Computational Chemistry Landscape}},
  author={Kowalski, Karol and Bair, Raymond and Bauman, Nicholas P and Boschen, Jeffery S and Bylaska, Eric J and Daily, Jeff and de Jong, Wibe A and Dunning Jr, Thom and Govind, Niranjan and Harrison, Robert J and others},
  journal={Chemical Reviews},
  volume={121},
  number={8},
  pages={4962--4998},
  year={2021},
  publisher={ACS Publications}
}

@article{de2010utilizing,
  title={{Utilizing high performance computing for chemistry: Parallel computational chemistry}},
  author={De Jong, Wibe A and Bylaska, Eric and Govind, Niranjan and Janssen, Curtis L and Kowalski, Karol and M{\"u}ller, Thomas and Nielsen, Ida MB and van Dam, Hubertus JJ and Veryazov, Valera and Lindh, Roland},
  journal={Physical Chemistry Chemical Physics},
  volume={12},
  number={26},
  pages={6896--6920},
  year={2010},
  publisher={Royal Society of Chemistry}
}

%%%%% GUI References %%%%%%%
@article{michalewicz1992u,
  title={{UniChem: The state-of-the art molecular chemistry supercomputing environment}},
  author={Michalewicz, Marek T},
  journal={Fifth Australian Supercomputing Conference, Melbourne, Australia, December 1992},
  year={1992},
  publisher={Citeseer}
}

@techreport{michalewicz1995combining,
  title={{Combining UniChem and electron momentum spectroscopy to study valence electronic structure of molecules}},
  author={Michalewicz, MT and Norling, VM and McCarthy, IE and Brunger, M},
  year={1995},
  institution={Flinders Univ. of South Australia}
}

@misc{UniChem,
    title={{UniChem software package, Cray Research Inc.}},
    author={Labanowski, J and Wimmer, E},
    year={1992}
}

@misc{wasikowski1993xmol,
  title={{XMol Version 1.3. 1, 1990, 1991, 1992, 1993 Research Equipment, Inc. d/b/a Minnesota Supercomputer Center, Inc.}},
  author={Wasikowski, C and Klemm, S},
  journal={Research Equipment, Inc. dba Minnesota Supercomputer Center, Inc},
  year={1990,1991,1992,1993},
  copyright = {1990, 1991, 1992, 1993 Research Equipment, Inc. d/b/a Minnesota Supercomputer Center, Inc},
  howpublished={\url{https://www.msi.umn.edu/}}
  
}

@article{baldridge1995qmview,
  title={{QMView: A computational chemistry three-dimensional visualization tool at the interface between molecules and mankind}},
  author={Baldridge, Kim K and Greenberg, Jerry P},
  journal={Journal of Molecular Graphics},
  volume={13},
  number={1},
  pages={63--66},
  year={1995},
  publisher={Elsevier}
}

@article{sayle1995rasmol,
  title={{RASMOL: Biomolecular graphics for all}},
  author={Sayle, Roger A and Milner-White, E James},
  journal={Trends in Biochemical Sciences},
  volume={20},
  number={9},
  pages={374--376},
  year={1995},
  publisher={Elsevier}
}

@article{smith1995molview,
  title={{MolView: A program for analyzing and displaying atomic structures on the Macintosh personal computer}},
  author={Smith, Thomas James},
  journal={Journal of Molecular Graphics},
  volume={13},
  number={2},
  pages={122--125},
  year={1995},
  publisher={Elsevier}
}

@article{humphrey1996vmd,
  title={{VMD: Visual Molecular Dynamics}},
  author={Humphrey, William and Dalke, Andrew and Schulten, Klaus},
  journal={Journal of Molecular Graphics},
  volume={14},
  number={1},
  pages={33--38},
  year={1996},
  publisher={Elsevier}
}

@article{bode1998macmolplt,
  title={{MacMolPlt: A graphical user interface for GAMESS}},
  author={Bode, Brett M and Gordon, Mark S},
  journal={Journal of Molecular Graphics and Modelling},
  volume={16},
  number={3},
  pages={133--138},
  year={1998},
  publisher={Elsevier}
}

@article{hanwell2021open,
  title={{Open Chemistry, JupyterLab, REST, and quantum chemistry}},
  author={Hanwell, Marcus D and Harris, Chris and Genova, Alessandro and Haghighatlari, Mojtaba and El Khatib, Muammar and Avery, Patrick and Hachmann, Johannes and de Jong, Wibe Albert},
  journal={International Journal of Quantum Chemistry},
  volume={121},
  number={1},
  pages={e26472},
  year={2021},
  publisher={Wiley Online Library}
}

@article{kokalj1999xcrysden,
  title={{XCrySDen—A new program for displaying crystalline structures and electron densities}},
  author={Kokalj, Anton},
  journal={Journal of Molecular Graphics and Modelling},
  volume={17},
  number={3-4},
  pages={176--179},
  year={1999},
  publisher={Elsevier}
}

@article{frisch2000gaussview,
  title={{Gaussview User Manual}},
  author={Frisch, A and Nielson, AB and Holder, AJ and others},
  journal={Gaussian Inc., Pittsburgh, PA},
  volume={556},
  year={2000}
}

@article{portmann2000molekel,
  title={{MOLEKEL: An interactive molecular graphics tool}},
  author={Portmann, Stefan and L{\"u}thi, Hans Peter},
  journal={CHIMIA International Journal for Chemistry},
  volume={54},
  number={12},
  pages={766--770},
  year={2000},
  publisher={Swiss Chemical Society}
}

@article{schaftenaar2000molden,
  title={{Molden: A pre-and post-processing program for molecular and electronic structures}},
  author={Schaftenaar, Gijs and Noordik, Jan H},
  journal={Journal of Computer-Aided Molecular Design},
  volume={14},
  number={2},
  pages={123--134},
  year={2000},
  publisher={Springer}
}

@article{gans2001qmol,
  title={{Qmol: a program for molecular visualization on Windows-based PCs}},
  author={Gans, Jason D and Shalloway, David},
  journal={Journal of Molecular Graphics and Modelling},
  volume={19},
  number={6},
  pages={557--559},
  year={2001},
  publisher={Elsevier}
}

@article{bahn2002object,
  title={An object-oriented scripting interface to a legacy electronic structure code},
  author={Bahn, Sune R and Jacobsen, Karsten W},
  journal={Computing in Science \& Engineering},
  volume={4},
  number={3},
  pages={56--66},
  year={2002},
  publisher={IEEE}
}

@article{schuchardt2002ecce,
  title={{ECCE — A problem-solving environment's evolution toward Grid services and a Web architecture}},
  author={Schuchardt, Karen and Didier, Brett and Black, Gary},
  journal={Concurrency and Computation: Practice and Experience},
  volume={14},
  number={13-15},
  pages={1221--1239},
  year={2002},
  publisher={Wiley Online Library}
}

@article{kokalj2003computer,
  title={Computer graphics and graphical user interfaces as tools in simulations of matter at the atomic scale},
  author={Kokalj, Anton},
  journal={Computational Materials Science},
  volume={28},
  number={2},
  pages={155--168},
  year={2003},
  publisher={Elsevier}
}

@article{gdanitz2005registering,
  title={Registering the AMICA electronic structure code in the extensible computational chemistry environment},
  author={Gdanitz, Robert J and Black, Gary D and Lansing, Carina S and Palmer, Bruce J and Schuchardt, Karen L},
  journal={Journal of Computational Chemistry},
  volume={26},
  number={3},
  pages={214--225},
  year={2005},
  publisher={Wiley Online Library}
}

@article{csanyi2007expressive,
  title={{Expressive programming for computational physics in Fortran 95+}},
  author={Cs{\'a}nyi, G{\'a}bor and Winfield, Steven and Kermode, J and Comisso, A and De Vita, A and Bernstein, Noam and Payne, Mike C},
  journal={Institute of Physics Computational Physics Group Newsletter},
  volume={spring},
  year={2007}
}

@article{momma2011vesta,
  title={{VESTA 3 for three-dimensional visualization of crystal, volumetric and morphology data}},
  author={Momma, Koichi and Izumi, Fujio},
  journal={Journal of Applied Crystallography},
  volume={44},
  number={6},
  pages={1272--1276},
  year={2011},
  publisher={International Union of Crystallography}
}

@article{larsen2017atomic,
  title={The atomic simulation environment—a Python library for working with atoms},
  author={Larsen, Ask Hjorth and Mortensen, Jens J{\o}rgen and Blomqvist, Jakob and Castelli, Ivano E and Christensen, Rune and Du{\l}ak, Marcin and Friis, Jesper and Groves, Michael N and Hammer, Bj{\o}rk and Hargus, Cory and others},
  journal={Journal of Physics: Condensed Matter},
  volume={29},
  number={27},
  pages={273002},
  year={2017},
  publisher={IOP Publishing}
}

@article{nguyen2018nglview,
  title={{NGLview--interactive molecular graphics for Jupyter notebooks}},
  author={Nguyen, Hai and Case, David A and Rose, Alexander S},
  journal={Bioinformatics},
  volume={34},
  number={7},
  pages={1241--1242},
  year={2018},
  publisher={{Oxford University Press}}
}

@misc{gilbert2019introduction,
  title={Introduction to {IQmol}},
  author={Gilbert, Andrew},
  year={2019},
  howpublished={\url{http://www.iqmol.org/downloads/IQmolUserGuide.pdf}},
  note = {Accessed: 2021-07-31}
}




@article{verstraelen2008zeobuilder,
author = {Verstraelen, T. and Van Speybroeck, V. and Waroquier, M.},
title = {{ZEOBUILDER: A GUI Toolkit for the Construction of Complex Molecular Structures on the Nanoscale with Building Blocks}},
journal = {Journal of Chemical Information and Modeling},
volume = {48},
number = {7},
pages = {1530-1541},
year = {2008},
doi = {10.1021/ci8000748},
    note ={PMID: 18543904},

URL = {
        https://doi.org/10.1021/ci8000748

},
eprint = {
        https://doi.org/10.1021/ci8000748

}

}


@article{hanson2010jmol,
  title={{Jmol--A paradigm shift in crystallographic visualization}},
  author={Hanson, Robert M},
  journal={Journal of Applied Crystallography},
  volume={43},
  number={5},
  pages={1250--1260},
  year={2010},
  publisher={International Union of Crystallography}
}

@article{hanson2013jsmol,
  title={JSmol and the next-generation web-based representation of 3D molecular structure as applied to proteopedia},
  author={Hanson, Robert M and Prilusky, Jaime and Renjian, Zhou and Nakane, Takanori and Sussman, Joel L},
  journal={Israel Journal of Chemistry},
  volume={53},
  number={3-4},
  pages={207--216},
  year={2013},
  publisher={Wiley Online Library}
}

@article{thomas2010ccp1,
  title={{CCP1-GUI, A general-purpose visualization code for electronic structure codes}},
  author={Thomas, J and Sherwood, P},
  journal={version 0.8, Obtained from http://sourceforge. net/projects/ccp1gui.[Last accessed: 12 September 2014] Search PubMed},
  year={2010}
}

@article{smidstrup2019quantumatk,
  title={{QuantumATK: An integrated platform of electronic and atomic-scale modelling tools}},
  author={Smidstrup, S{\o}ren and Markussen, Troels and Vancraeyveld, Pieter and Wellendorff, Jess and Schneider, Julian and Gunst, Tue and Verstichel, Brecht and Stradi, Daniele and Khomyakov, Petr A and Vej-Hansen, Ulrik G and others},
  journal={Journal of Physics: Condensed Matter},
  volume={32},
  number={1},
  pages={015901},
  year={2019},
  publisher={IOP Publishing}
}

@misc{johnson1965ortep,
  title={Ortep},
  author={Johnson, CK},
  journal={Report ORNL-3794.},
  year={1965},
  howpublished={Report ORNL-3794. Oak Ridge National Laboratory},
  publisher={Oak Ridge National Laboratory}
}

%%%%% Machine Data References %%%%%%%
@article{murray2011cml,
  title={{CML: Evolution and design}},
  author={Murray-Rust, Peter and Rzepa, Henry S},
  journal={Journal of Cheminformatics},
  volume={3},
  number={1},
  pages={1--15},
  year={2011},
  publisher={BioMed Central}
}

@article{murray2011semantics,
  title={{The semantics of Chemical Markup Language (CML): dictionaries and conventions}},
  author={Murray-Rust, Peter and Townsend, Joe A and Adams, Sam E and Phadungsukanan, Weerapong and Thomas, Jens},
  journal={Journal of Cheminformatics},
  volume={3},
  number={1},
  pages={1--12},
  year={2011},
  publisher={Springer}
}

@article{de2013data,
  title={{From data to analysis: linking NWChem and Avogadro with the syntax and semantics of Chemical Markup Language}},
  author={De Jong, Wibe A and Walker, Andrew M and Hanwell, Marcus D},
  journal={Journal of Cheminformatics},
  volume={5},
  number={1},
  pages={1--12},
  year={2013},
  publisher={Springer}
}

%%%%% OCSR References %%%%%%
@article{mcdaniel1992kekule,
  title={{Kekule: OCR-optical chemical (structure) recognition}},
  author={McDaniel, Joe R and Balmuth, Jason R},
  journal={Journal of Chemical Information and Computer Sciences},
  volume={32},
  number={4},
  pages={373--378},
  year={1992},
  publisher={ACS Publications}
}

@inproceedings{casey1993optical,
  title={Optical recognition of chemical graphics},
  author={Casey, Richard and Boyer, Stephen and Healey, Paul and Miller, Alex and Oudot, Bernadette and Zilles, Karl},
  booktitle={{Proceedings of 2nd International Conference on Document Analysis and Recognition (ICDAR'93)}},
  address={\url{https://ieeexplore.ieee.org/document/395796}, Tsukuba, Japan},
  pages={627--631},
  year={1993},
  organization={IEEE}
}

@article{oldenhof2020chemgrapher,
  title={{ChemGrapher: Optical Graph Recognition of Chemical Compounds by Deep Learning}},
  author={Oldenhof, Martijn and Arany, Adam and Moreau, Yves and Simm, Jaak},
  journal={Journal of Chemical Information and Modeling},
  volume={60},
  number={10},
  pages={4506--4517},
  year={2020},
  publisher={ACS Publications}
}

@article{rajan2020review,
  title={A review of optical chemical structure recognition tools},
  author={Rajan, Kohulan and Brinkhaus, Henning Otto and Zielesny, Achim and Steinbeck, Christoph},
  journal={Journal of Cheminformatics},
  volume={12},
  number={1},
  pages={1--13},
  year={2020},
  publisher={BioMed Central}
}

%%%%% Papers using EMSL Arrows %%%%%% 
@article{bylaska2021quantum,
  title={{Quantum Solvers for Plane-Wave Hamiltonians: Abridging Virtual Spaces Through the Optimization of Pairwise Correlations}},
  author={Bylaska, Eric J and Song, Duo and Bauman, Nicholas P and Kowalski, Karol and Claudino, Daniel and Humble, Travis S},
  journal={Frontiers in Chemistry},
  volume={9},
  pages={26},
  year={2021},
  publisher={Frontiers}
}
@article{mergelsberg2021resolving,
  title={{Resolving Configurational Disorder for Impurities in a Low-Entropy Phase}},
  author={Mergelsberg, Sebastian T and Prange, Micah and Song, Duo and Bylaska, Eric J and Saslow, Sarah A and Catalano, Jeffrey G and Ilton, Eugene S},
  journal={Journal of Physical Chemistry Letters},
  volume={12},
  pages={5689--5694},
  year={2021},
  publisher={ACS Publications}
}
@article{gao2021quantitative,
  title={Quantitative structure activity relationships {(QSARs)} and machine learning models for abiotic reduction of organic compounds by an aqueous {Fe(II)} complex},
  author={Gao, Yidan and Zhong, Shifa and Torralba-Sanchez, Tifany L and Tratnyek, Paul G and Weber, Eric J and Chen, Yiling and Zhang, Huichun},
  journal={Water Research},
  volume={192},
  pages={116843},
  year={2021},
  publisher={Elsevier}
}
@article{north2020nitrogenase,
  title={A nitrogenase-like enzyme system catalyzes methionine, ethylene, and methane biogenesis},
  author={North, Justin A and Narrowe, Adrienne B and Xiong, Weili and Byerly, Kathryn M and Zhao, Guanqi and Young, Sarah J and Murali, Srividya and Wildenthal, John A and Cannon, William R and Wrighton, Kelly C and others},
  journal={Science},
  volume={369},
  number={6507},
  pages={1094--1098},
  year={2020},
  publisher={American Association for the Advancement of Science}
}

@article{torralba2020reduction,
  title={{Reduction of 1,2,3-trichloropropane (TCP): Pathways and mechanisms from computational chemistry calculations}},
  author={Torralba-Sanchez, Tifany L and Bylaska, Eric J and Salter-Blanc, Alexandra J and Meisenheimer, Douglas E and Lyon, Molly A and Tratnyek, Paul G},
  journal={Environmental Science: Processes \& Impacts},
  volume={22},
  number={3},
  pages={606--616},
  year={2020},
  publisher={Royal Society of Chemistry}
}

@misc{ashcroft1976solid,
  title={Solid state physics},
  author={Ashcroft, Neil W and Mermin, N David and others},
  year={1976},
  publisher={holt, rinehart and winston, new york London}
}

@article{trainer2020organic,
  title={Organic structure and solid characteristics determine reactivity of phenolic compounds with synthetic and reclaimed manganese oxides},
  author={Trainer, Emma Leverich and Ginder-Vogel, Matthew and Remucal, Christina K},
  journal={Environmental Science: Water Research \& Technology},
  volume={6},
  number={3},
  pages={540--553},
  year={2020},
  publisher={Royal Society of Chemistry}
}
@article{mcneill2020reaction,
  title={{Reaction energetics and 13C fractionation of alanine transamination in the aqueous and gas phases}},
  author={McNeill, Ashley S and Dallas, Brooke H and Eiler, John M and Bylaska, Eric J and Dixon, David A},
  journal={Journal of Physical Chemistry A},
  volume={124},
  number={10},
  pages={2077--2089},
  year={2020},
  publisher={ACS Publications}
}
@article{bylaska2019association,
  title={Association of defects and zinc in hematite},
  author={Bylaska, Eric J and Catalano, Jeffrey G and Mergelsberg, Sebastian T and Saslow, Sarah A and Qafoku, Odeta and Prange, Micah P and Ilton, Eugene S},
  journal={Environmental Science \& Technology},
  volume={53},
  number={23},
  pages={13687--13694},
  year={2019},
  publisher={ACS Publications}
}
@article{ilton2020using,
  title={{Using Atom Dynamics to Map the Defect Structure Around an Impurity in Nano-Hematite}},
  author={Ilton, Eugene S and Kovarik, Libor and Nakouzi, Elias and Mergelsberg, Sebastian T and McBriarty, Martin E and Bylaska, Eric J},
  journal={Journal of Physical Chemistry Letters},
  volume={11},
  number={24},
  pages={10396--10400},
  year={2020},
  publisher={ACS Publications}
}
@article{bylaska2020electron,
  title={Electron transfer calculations between edge sharing octahedra in hematite, goethite, and annite},
  author={Bylaska, Eric J and Song, Duo and Rosso, Kevin M},
  journal={Geochimica et Cosmochimica Acta},
  volume={291},
  pages={79--91},
  year={2020},
  publisher={Elsevier}
}
@article{bylaska2020filon,
  title={{A Filon-like integration strategy for calculating exact exchange in periodic boundary conditions: a plane-wave DFT implementation}},
  author={Bylaska, Eric J and Waters, Kevin and Hermes, Eric D and Z{\'a}dor, Judit and Rosso, Kevin M},
  journal={Materials Theory},
  volume={4},
  number={1},
  pages={1--31},
  year={2020},
  publisher={Springer}
}
@inproceedings{harouaka2020gas,
  title={Gas phase ion-molecule interactions in a collision reaction cell with {QQQ-ICP-MS}: Investigations with {N}$_2${O} as the reaction gas},
  author={Harouaka, Khadouja and Allen, Caleb and diVacri, ML and Bylaska, Eric Jon and Eiden, Gregory and Hoppe, Eric and Arnquist, Isaac},
  booktitle={AGU Fall Meeting Abstracts},
  volume={2020},
  pages={V033--0009},
  year={2020}
}
@article{low2019q,
  title={{Q\# and NWChem: Tools for scalable quantum chemistry on quantum computers}},
  author={Low, Guang Hao and Bauman, Nicholas P and Granade, Christopher E and Peng, Bo and Wiebe, Nathan and Bylaska, Eric J and Wecker, Dave and Krishnamoorthy, Sriram and Roetteler, Martin and Kowalski, Karol and others},
  journal={arXiv preprint arXiv:1904.01131},
  year={2019}
}
@incollection{bylaska2017plane,
  title={{Plane-Wave DFT methods for Chemistry}},
  author={Bylaska, Eric J},
  booktitle={Annual Reports in Computational Chemistry},
  volume={13},
  pages={185--228},
  year={2017},
  publisher={Elsevier}
}
@article{salter2015predicting,
  title={Predicting reduction rates of energetic nitroaromatic compounds using calculated one-electron reduction potentials},
  author={Salter-Blanc, Alexandra J and Bylaska, Eric J and Johnston, Hayley J and Tratnyek, Paul G},
  journal={Environmental Science \& Technology},
  volume={49},
  number={6},
  pages={3778--3786},
  year={2015},
  publisher={ACS Publications}
}

%%%%% CCl4 references %%%%%
@article{borisov2001systematic,
  title={A systematic study of the reactions of OH-with chlorinated methanes. 1. Benchmark studies of the gas-phase reactions},
  author={Borisov, Yurii A and Arcia, Edgar E and Mielke, Steven L and Garrett, Bruce C and Dunning, Thom H},
  journal={Journal of Physical Chemistry A},
  volume={105},
  number={32},
  pages={7724--7736},
  year={2001},
  publisher={ACS Publications}
}

@techreport{zador2013kinbot,
  title={{KinBot 1.0: A code for automatic PES exploration}},
  author={Z{\'a}dor, Judit and Najm, Habib N},
  year={2013},
  institution={Sandia National Lab.(SNL-CA), Livermore, CA (United States)}
}

@article{van2020kinbot,
  title={{KinBot: Automated stationary point search on potential energy surfaces}},
  author={Van de Vijver, Ruben and Z{\'a}dor, Judit},
  journal={Computer Physics Communications},
  volume={248},
  pages={106947},
  year={2020},
  publisher={Elsevier}
}

@article{suleimanov2015automated,
  title={Automated discovery of elementary chemical reaction steps using freezing string and Berny optimization methods},
  author={Suleimanov, Yury V and Green, William H},
  journal={Journal of Chemical Theory and Computation},
  volume={11},
  number={9},
  pages={4248--4259},
  year={2015},
  publisher={ACS Publications}
}

@article{wolfe2016chemical,
  title={{Chemical Transformation System: Cloud Based Cheminformatic Services to Support Integrated Environmental Modeling}},
  author={Wolfe, Kurt and Pope, Nicholas and Parmar, Rajbir and Galvin, Mike and Stevens, Caroline and Weber, Eric and Flaishans, Jonathan and Purucker, Tom},
  year={2016}
}

@article{wicker2010predicting,
  title={Predicting biodegradation products and pathways: a hybrid knowledge-and machine learning-based approach},
  author={Wicker, J{\"o}rg and Fenner, Kathrin and Ellis, Lynda and Wackett, Larry and Kramer, Stefan},
  journal={Bioinformatics},
  volume={26},
  number={6},
  pages={814--821},
  year={2010},
  publisher={{Oxford University Press}}
}

@article{stocker2020machine,
  title={Machine learning in chemical reaction space},
  author={Stocker, Sina and Cs{\'a}nyi, G{\'a}bor and Reuter, Karsten and Margraf, Johannes T},
  journal={Nature Communications},
  volume={11},
  number={1},
  pages={1--11},
  year={2020},
  publisher={{Nature Publishing Group}}
}

@article{gao2016reaction,
  title={Reaction Mechanism Generator: Automatic construction of chemical kinetic mechanisms},
  author={Gao, Connie W and Allen, Joshua W and Green, William H and West, Richard H},
  journal={Computer Physics Communications},
  volume={203},
  pages={212--225},
  year={2016},
  publisher={Elsevier}
}

@article{rappoport2019predicting,
  title={Predicting feasible organic reaction pathways using heuristically aided quantum chemistry},
  author={Rappoport, Dmitrij and Aspuru-Guzik, Al{\'a}n},
  journal={Journal of chemical theory and computation},
  volume={15},
  number={7},
  pages={4099--4112},
  year={2019},
  publisher={ACS Publications}
}


@inbook{pensak1977lhasa,
author = {PENSAK, DAVID A. and COREY, E. J.},
title = {LHASA—Logic and Heuristics Applied to Synthetic Analysis},
booktitle = {Computer-Assisted Organic Synthesis},
chapter = {1},
pages = {1-32},
doi = {10.1021/bk-1977-0061.ch001},
URL = {https://pubs.acs.org/doi/abs/10.1021/bk-1977-0061.ch001},
eprint = {https://pubs.acs.org/doi/pdf/10.1021/bk-1977-0061.ch001}
}


@article{doi:10.1021/acs.energyfuels.0c03843,
author = {Weber, Robert S. and Reynolds, Michael A.},
title = {Special Issue of Energy \& Fuels Honoring Michael T. Klein},
journal = {Energy \& Fuels},
volume = {34},
number = {12},
pages = {15079-15081},
year = {2020},
doi = {10.1021/acs.energyfuels.0c03843},

URL = {
        https://doi.org/10.1021/acs.energyfuels.0c03843

},
eprint = {
        https://doi.org/10.1021/acs.energyfuels.0c03843

}

}


@article{karp2002pathway,
  title={The pathway tools software},
  author={Karp, Peter D and Paley, Suzanne and Romero, Pedro},
  journal={Bioinformatics},
  volume={18},
  number={suppl\_1},
  pages={S225--S232},
  year={2002},
  publisher={{Oxford University Press}}
}
@article{socorro2005robia,
  title={{ROBIA: A reaction prediction program}},
  author={Socorro, Ingrid M and Taylor, Keith and Goodman, Jonathan M},
  journal={Organic Letters},
  volume={7},
  number={16},
  pages={3541--3544},
  year={2005},
  publisher={ACS Publications}
}

@article{yang2017automatic,
  title={Automatic reaction pathway search via combined molecular dynamics and coordinate driving method},
  author={Yang, Manyi and Zou, Jingxiang and Wang, Guoqiang and Li, Shuhua},
  journal={Journal of Physical Chemistry A},
  volume={121},
  number={6},
  pages={1351--1361},
  year={2017},
  publisher={ACS Publications}
}

@article{jonsson1998nudged,
  title={Nudged elastic band method for finding minimum energy paths of transitions},
  author={J{\'o}nsson, Hannes and Mills, Greg and Jacobsen, Karsten W},
  year={1998},
  publisher={Citeseer}
}

@article{henkelman2000climbing,
  title={A climbing image nudged elastic band method for finding saddle points and minimum energy paths},
  author={Henkelman, Graeme and Uberuaga, Blas P and J{\'o}nsson, Hannes},
  journal={Journal of Chemical Physics},
  volume={113},
  number={22},
  pages={9901--9904},
  year={2000},
  publisher={American Institute of Physics}
}

@article{weinan2002string,
  title={String method for the study of rare events},
  author={Weinan, E and Ren, Weiqing and Vanden-Eijnden, Eric},
  journal={Physical Review B},
  volume={66},
  number={5},
  pages={052301},
  year={2002},
  publisher={APS}
}

@book{Charniak1985,
  title = {{I}ntroduction to {A}rtificial {I}ntelligence},
  publisher = {Addison-Wesley},
  year = {1985},
  author = {Charniak, Eugene and McDermott},
  address = {Reading, Massachusetts},
}

@article{morgan1965generation,
  title={The generation of a unique machine description for chemical structures-a technique developed at chemical abstracts service.},
  author={Morgan, Harry L},
  journal={Journal of Chemical Documentation},
  volume={5},
  number={2},
  pages={107--113},
  year={1965},
  publisher={ACS Publications}
}
@article{ullmann1976algorithm,
  title={An algorithm for subgraph isomorphism},
  author={Ullmann, Julian R},
  journal={Journal of the ACM (JACM)},
  volume={23},
  number={1},
  pages={31--42},
  year={1976},
  publisher={ACM New York, NY, USA}
}

@article{weininger1989smiles,
  title={{SMILES. 2. Algorithm for generation of unique SMILES notation}},
  author={Weininger, David and Weininger, Arthur and Weininger, Joseph L},
  journal={Journal of Chemical Information and Computer Sciences},
  volume={29},
  number={2},
  pages={97--101},
  year={1989},
  publisher={ACS Publications}
}

@inproceedings{ginsberg2007overview,
  title={{Overview of the National Historic Chemical Landmarks Program}},
  author={Ginsberg, Judah B},
  booktitle={Abstracts of Papers of the American Chemical Society},
  volume={233},
  pages={657--657},
  year={2007},
  organization={American Chemical Societ1155 16TH ST, NW, Washington, DC 20036 USA}
}

@article{schneider2015get,
  title={{Get Your Atoms in Order: An Open-Source Implementation of a Novel and Robust Molecular Canonicalization Algorithm}},
  author={Schneider, Nadine and Sayle, Roger A and Landrum, Gregory A},
  journal={Journal of Chemical Information and Modeling},
  volume={55},
  number={10},
  pages={2111--2120},
  year={2015},
  publisher={ACS Publications}
}

@misc{attafinite,
  title={{Finite temperature free energy calculations in NWChem: Metadynamics and umbrella sampling-WHAM}},
  author={Atta-Fynn, Raymond and Bylaska, Eric J and de Jong, Wibe A},
  year=2015,
  howpublished={https://www.nwchem-sw.org/images/Nwchem-new-pmf.pdf},
  note = {Accessed: 2021-07-31}
}

@article{salter2013mechanisms,
  title={{Mechanisms and kinetics of alkaline hydrolysis of the energetic nitroaromatic compounds 2,4,6-trinitrotoluene (TNT) and 2,4-dinitroanisole (DNAN)}},
  author={Salter-Blanc, Alexandra J and Bylaska, Eric J and Ritchie, Julia J and Tratnyek, Paul G},
  journal={Environmental Science \& Technology},
  volume={47},
  number={13},
  pages={6790--6798},
  year={2013},
  publisher={ACS Publications}
}
@article{hill2012dft,
  title={{DFT M06-2X investigation of alkaline hydrolysis of nitroaromatic compounds}},
  author={Hill, Frances C and Sviatenko, Liudmyla K and Gorb, Leonid and Okovytyy, Sergiy I and Blaustein, Gail S and Leszczynski, Jerzy},
  journal={Chemosphere},
  volume={88},
  number={5},
  pages={635--643},
  year={2012},
  publisher={Elsevier}
}

@article{swaddle2005kinetic,
  title={Kinetic evidence for five-coordination in {AlOH}$^{2+}_{(aq)}$ ion},
  author={Swaddle, Thomas W and Rosenqvist, J{\"o}rgen and Yu, Ping and Bylaska, Eric and Phillips, Brian L and Casey, William H},
  journal={Science},
  volume={308},
  number={5727},
  pages={1450--1453},
  year={2005},
  publisher={American Association for the Advancement of Science}
}
@article{rustad2007ab,
  title={Ab initio calculation of isotopic fractionation in {B(OH)}$_{3}_{(aq)}$ and {B(OH)}$_4^-_{(aq)}$ },
  author={Rustad, James R and Bylaska, Eric J},
  journal={Journal of the American Chemical Society},
  volume={129},
  number={8},
  pages={2222--2223},
  year={2007},
  publisher={ACS Publications}
}

@article{atta2011hydration,
  title={{Hydration shell structure and dynamics of Curium(III) in aqueous solution: First principles and empirical studies}},
  author={Atta-Fynn, Raymond and Bylaska, Eric J and Schenter, Gregory K and De Jong, Wibe A},
  journal={Journal of Physical Chemistry A},
  volume={115},
  number={18},
  pages={4665--4677},
  year={2011},
  publisher={ACS Publications}
}

@article{atta2012structure,
  title={{Structure and hydrolysis of the U(IV), U(V), and U(VI) aqua ions from ab initio molecular simulations}},
  author={Atta-Fynn, Raymond and Johnson, Donald F and Bylaska, Eric J and Ilton, Eugene S and Schenter, Gregory K and De Jong, Wibe A},
  journal={Inorganic Chemistry},
  volume={51},
  number={5},
  pages={3016--3024},
  year={2012},
  publisher={ACS Publications}
}
@article{fulton2012near,
  title={{Near-quantitative agreement of model-free DFT-MD predictions with XAFS observations of the hydration structure of highly charged transition-metal ions}},
  author={Fulton, John L and Bylaska, Eric J and Bogatko, Stuart and Balasubramanian, Mahalingam and Cau{\"e}t, Emilie and Schenter, Gregory K and Weare, John H},
  journal={Journal of Physical Chemistry Letters},
  volume={3},
  number={18},
  pages={2588--2593},
  year={2012},
  publisher={ACS Publications}
}
@article{rustad2010isotopic,
  title={Isotopic fractionation of {Mg}$^{2+}_ {(aq)}$, {Ca}$^{2+}_{(aq)}$, and {Fe}$^{2+}_{(aq)}$ with carbonate minerals},
  author={Rustad, James R and Casey, William H and Yin, Qing-Zhu and Bylaska, Eric J and Felmy, Andrew R and Bogatko, Stuart A and Jackson, Virgil E and Dixon, David A},
  journal={Geochimica et Cosmochimica Acta},
  volume={74},
  number={22},
  pages={6301--6323},
  year={2010},
  publisher={Elsevier}
}
@article{rustad2010calculation,
  title={Calculation of boron-isotope fractionation between {B(OH)}$_{3(aq)}$ and {B(OH)}$_4^-_{(aq)}$ },
  author={Rustad, James R and Bylaska, Eric J and Jackson, Virgil E and Dixon, David A},
  journal={Geochimica et Cosmochimica Acta},
  volume={74},
  number={10},
  pages={2843--2850},
  year={2010},
  publisher={Elsevier}
}

@article{bylaska2007structure,
  title={Structure and dynamics of the hydration shells of the {Al}$^{3+}$ ion},
  author={Bylaska, Eric J and Valiev, Marat and Rustad, James R and Weare, John H},
  journal={Journal of Chemical Physics},
  volume={126},
  number={10},
  pages={104505},
  year={2007},
  publisher={American Institute of Physics}
}
@article{nichols2008equatorial,
  title={Equatorial and apical solvent shells of the {UO}$_2^{2+}$ ion},
  author={Nichols, Patrick and Bylaska, Eric J and Schenter, Gregory K and de Jong, Wibe},
  journal={Journal of Chemical Physics},
  volume={128},
  number={12},
  pages={124507},
  year={2008},
  publisher={American Institute of Physics}
}

@article{cauet2010structure,
  title={Structure and dynamics of the hydration shells of the {Zn}$^{2+}$ ion from ab initio molecular dynamics and combined ab initio and classical molecular dynamics simulations},
  author={Cau{\"e}t, Emilie and Bogatko, Stuart and Weare, John H and Fulton, John L and Schenter, Gregory K and Bylaska, Eric J},
  journal={Journal of Chemical Physics},
  volume={132},
  number={19},
  pages={194502},
  year={2010},
  publisher={American Institute of Physics}
}
@article{bogatko2013aqueous,
  title={The aqueous {Ca}$^{2+}$ system, in comparison with {Zn}$^{2+}$, {Fe}$^{3+}$, and {Al}$^{3+}$: an ab initio molecular dynamics study},
  author={Bogatko, Stuart and Cau{\"e}t, Emilie and Bylaska, Eric and Schenter, Gregory and Fulton, John and Weare, John},
  journal={Chemistry--A European Journal},
  volume={19},
  number={9},
  pages={3047--3060},
  year={2013},
  publisher={Wiley Online Library}
}
@article{bogatko2010first,
  title={First principles simulation of the bonding, vibrational, and electronic properties of the hydration shells of the high-spin {Fe}$^{3+}$ ion in aqueous solutions},
  author={Bogatko, Stuart A and Bylaska, Eric J and Weare, John H},
  journal={Journal of Physical Chemistry A},
  volume={114},
  number={5},
  pages={2189--2200},
  year={2010},
  publisher={ACS Publications}
}
@article{mcbriarty2018iron,
  title={Iron vacancies accommodate uranyl incorporation into hematite},
  author={McBriarty, Martin E and Kerisit, Sebastien and Bylaska, Eric J and Shaw, Samuel and Morris, Katherine and Ilton, Eugene S},
  journal={Environmental Science \& Technology},
  volume={52},
  number={11},
  pages={6282--6290},
  year={2018},
  publisher={ACS Publications}
}
@article{kerisit2016ab,
  title={Ab initio molecular dynamics of uranium incorporated in goethite ($\alpha$-{FeOOH}): Interpretation of {X-ray} absorption spectroscopy of trace polyvalent metals},
  author={Kerisit, Sebastien and Bylaska, Eric J and Massey, Michael S and McBriarty, Martin E and Ilton, Eugene S},
  journal={Inorganic Chemistry},
  volume={55},
  number={22},
  pages={11736--11746},
  year={2016},
  publisher={ACS Publications}
}
@article{mcbriarty2017trace,
  title={Trace uranium partitioning in a multiphase nano-{FeOOH} system},
  author={McBriarty, Martin E and Soltis, Jennifer A and Kerisit, Sebastien and Qafoku, Odeta and Bowden, Mark E and Bylaska, Eric J and De Yoreo, James J and Ilton, Eugene S},
  journal={Environmental Science \& Technology},
  volume={51},
  number={9},
  pages={4970--4977},
  year={2017},
  publisher={ACS Publications}
}
@article{mcbriarty2017dynamic,
  title={Dynamic stabilization of metal oxide--water interfaces},
  author={McBriarty, Martin E and von Rudorff, Guido Falk and Stubbs, Joanne E and Eng, Peter J and Blumberger, Jochen and Rosso, Kevin M},
  journal={Journal of the American Chemical Society},
  volume={139},
  number={7},
  pages={2581--2584},
  year={2017},
  publisher={ACS Publications}
}


@article{solve1,
author = {Odoh, Samuel O and Bylaska, Eric J and  de Jong, Wibe A},
title = {{Coordination and Hydrolysis of Plutonium Ions in Aqueous Solution Using Car–Parrinello Molecular Dynamics Free Energy Simulations}},
journal = {Journal of Physical Chemistry A},
volume = {117},
issue = {47},
pages = {12256-12267},
year = {2013},
}

@article{solve2,
author = {Atta-Fynn, Raymond and Bylaska, Eric J and de Jong, Wibe A},
title = {{Importance of Counteranions on the Hydration Structure of the Curium Ion}},
journal = {Journal of Physical Chemistry Letters},
volume = {4},
number = {13},
pages = {2166-2170},
year = {2013},
doi = {10.1021/jz400887a},

URL = { 
        http://dx.doi.org/10.1021/jz400887a
    
}}

@article{valiev2008combined,
  title={Combined quantum mechanical and molecular mechanics studies of the electron-transfer reactions involving carbon tetrachloride in solution},
  author={Valiev, Marat and Bylaska, Eric J and Dupuis, Michel and Tratnyek, Paul G},
  journal={Journal of Physical Chemistry A},
  volume={112},
  number={12},
  pages={2713--2720},
  year={2008},
  publisher={ACS Publications}
}

@article{bylaska2000free,
  title={The free energies of reactions of chlorinated methanes with aqueous monovalent anions: Application of ab initio electronic structure theory},
  author={Bylaska, Eric J and Dixon, David A and Felmy, Andrew R},
  journal={Journal of Physical Chemistry A},
  volume={104},
  number={3},
  pages={610--617},
  year={2000},
  publisher={ACS Publications}
}

@article{bylaska2002one,
  title={One-electron reduction of substituted chlorinated methanes as determined from ab initio electronic structure theory},
  author={Bylaska, Eric J and Dixon, David A and Felmy, Andrew R and Tratnyek, Paul G},
  journal={Journal of Physical Chemistry A},
  volume={106},
  number={47},
  pages={11581--11593},
  year={2002},
  publisher={ACS Publications}
}

@article{bylaska2006estimating,
  title={Estimating the thermodynamics and kinetics of chlorinated hydrocarbon degradation},
  author={Bylaska, Eric J},
  journal={Theoretical Chemistry Accounts},
  volume={116},
  number={1},
  pages={281--296},
  year={2006},
  publisher={Springer}
}

@article{bartlett1994applications,
  title={{Applications of Post-Hartree—Fock Methods: A Tutorial}},
  author={Bartlett, Rodney J and Stanton, John F},
  journal={Reviews in Computational Chemistry},
  pages={65--169},
  year={1994},
  publisher={Wiley Online Library}
}
@article{bartlett2007coupled,
  title={Coupled-cluster theory in quantum chemistry},
  author={Bartlett, Rodney J and Musia{\l}, Monika},
  journal={Reviews of Modern Physics},
  volume={79},
  number={1},
  pages={291},
  year={2007},
  publisher={APS}
}

@article{pulay1980convergence,
  title={Convergence acceleration of iterative sequences. The case of SCF iteration},
  author={Pulay, P{\'e}ter},
  journal={Chemical Physics Letters},
  volume={73},
  number={2},
  pages={393--398},
  year={1980},
  publisher={Elsevier}
}

@article{van1994state,
  title={State of the art in counterpoise theory},
  author={Van Duijneveldt, Frans B and van Duijneveldt-van de Rijdt, Jeanne GCM and van Lenthe, Joop H},
  journal={Chemical Reviews},
  volume={94},
  number={7},
  pages={1873--1885},
  year={1994},
  publisher={ACS Publications}
}

@article{vosko1980accurate,
  title={Accurate spin-dependent electron liquid correlation energies for local spin density calculations: a critical analysis},
  author={Vosko, Seymour H and Wilk, Leslie and Nusair, Marwan},
  journal={Canadian Journal of physics},
  volume={58},
  number={8},
  pages={1200--1211},
  year={1980},
  publisher={NRC Research Press Ottawa, Canada}
}

@article{becke1988density,
  title={Density-functional exchange-energy approximation with correct asymptotic behavior},
  author={Becke, Axel D},
  journal={Physical review A},
  volume={38},
  number={6},
  pages={3098},
  year={1988},
  publisher={APS}
}

@article{beck1993density,
  title={{Density-functional thermochemistry. III. The role of exact exchange}},
  author={Beck, Axel D},
  journal={Journal of Chemical Physics},
  volume={98},
  number={7},
  pages={5648--6},
  year={1993}
}
@article{lee1988development,
  title={{Development of the Colle-Salvetti correlation-energy formula into a functional of the electron density}},
  author={Lee, Chengteh and Yang, Weitao and Parr, Robert G},
  journal={Physical Review B},
  volume={37},
  number={2},
  pages={785},
  year={1988},
  publisher={APS}
}
@article{perdew1996generalized,
  title={Generalized gradient approximation made simple},
  author={Perdew, John P and Burke, Kieron and Ernzerhof, Matthias},
  journal={Physical Review Letters},
  volume={77},
  number={18},
  pages={3865},
  year={1996},
  publisher={APS}
}

@article{adamo1999toward,
  title={{Toward reliable density functional methods without adjustable parameters: The PBE0 model}},
  author={Adamo, Carlo and Barone, Vincenzo},
  journal={Journal of Chemical Physics},
  volume={110},
  number={13},
  pages={6158--6170},
  year={1999},
  publisher={American Institute of Physics}
}

@article{zhao2008m06,
  title={{The M06 suite of density functionals for main group thermochemistry, thermochemical kinetics, noncovalent interactions, excited states, and transition elements: two new functionals and systematic testing of four M06-class functionals and 12 other functionals}},
  author={Zhao, Yan and Truhlar, Donald G},
  journal={Theoretical Chemistry Accounts},
  volume={120},
  number={1},
  pages={215--241},
  year={2008},
  publisher={Springer}
}

@article{klamt1993cosmo,
  title={{COSMO: A new approach to dielectric screening in solvents with explicit expressions for the screening energy and its gradient}},
  author={Klamt, Andreas and Sch{\"u}{\"u}rmann, GJGJ},
  journal={Journal of the Chemical Society, Perkin Transactions 2},
  number={5},
  pages={799--805},
  year={1993},
  publisher={Royal Society of Chemistry}
}

@article{marenich2009universal,
  title={Universal solvation model based on solute electron density and on a continuum model of the solvent defined by the bulk dielectric constant and atomic surface tensions},
  author={Marenich, Aleksandr V and Cramer, Christopher J and Truhlar, Donald G},
  journal={Journal of Physical Chemistry B},
  volume={113},
  number={18},
  pages={6378--6396},
  year={2009},
  publisher={ACS Publications}
}

%%%%%%%%%%%%%%%%%%%%%%%%%%%%%%%%%%%%%%%%%%%%%%%%%%%%%%%%%%%%%%%%%%%%%%%%%%%%%%%%
% If you downloaded data from the basis set
% exchange or used the basis set exchange python library, please cite:
%%%%%%%%%%%%%%%%%%%%%%%%%%%%%%%%%%%%%%%%%%%%%%%%%%%%%%%%%%%%%%%%%%%%%%%%%%%%%%%%
@article{pritchard2019a,
    author = {Pritchard, Benjamin P. and Altarawy, Doaa and Didier, Brett and Gibsom, Tara D. and Windus, Theresa L.},
    title = {{A New Basis Set Exchange: An Open, Up-to-date Resource for the Molecular Sciences Community}},
    journal = {Journal of Chemical Information and Modeling},
    volume = {59},
    pages = {4814-4820},
    year = {2019},
    doi = {10.1021/acs.jcim.9b00725}
}

@article{feller1996a,
    author = {Feller, David},
    title = {The role of databases in support of computational chemistry calculations},
    journal = {Journal of Computational Chemistry},
    volume = {17},
    pages = {1571-1586},
    year = {1996},
    doi = {10.1002/(SICI)1096-987X(199610)17:13<1571::AID-JCC9>3.0.CO;2-P}
}

@article{schuchardt2007a,
    author = {Schuchardt, Karen L. and Didier, Brett T. and Elsethagen, Todd and Sun, Lisong and Gurumoorthi, Vidhya and Chase, Jared and Li, Jun and Windus, Theresa L.},
    title = {{Basis Set Exchange: A Community Database for Computational Sciences}},
    journal = {Journal of Chemical Information and Modeling},
    volume = {47},
    pages = {1045-1052},
    year = {2007},
    doi = {10.1021/ci600510j}
}

%%%%%%%%%%%%%%%%%%%%%%%%%%%%%%%%%%%%%%%%%%%%%%%%%%%%%%%%%%%%%%%%%%%%%%%%%%%%%%%%
% References for the basis set
%%%%%%%%%%%%%%%%%%%%%%%%%%%%%%%%%%%%%%%%%%%%%%%%%%%%%%%%%%%%%%%%%%%%%%%%%%%%%%%%
% C
%     VTZ Valence Triple Zeta: 3 Funct.'s/Valence AO
%         krishnan1980a
%
%     6-31G(2df)
%         krishnan1980a
%
%     Diffuse functions asociated with 6-31G
%         clark1983a
%
% Cl
%     VTZ Valence Triple Zeta: 3 Funct.'s/Valence AO
%         mclean1980a
%
%     6-31G(2df)
%         francl1982a
%
%     Diffuse functions asociated with 6-31G
%         spitznagel1987a
%


@article{clark1983a,
    author = {Clark, Timothy and Chandrasekhar, Jayaraman and Spitznagel, Günther W. and Schleyer, Paul Von Ragué},
    title = {{Efficient diffuse function-augmented basis sets for anion calculations. III. The 3-21+G basis set for first-row elements, Li-F}},
    journal = {Journal of Computational Chemistry},
    volume = {4},
    pages = {294-301},
    year = {1983},
    doi = {10.1002/jcc.540040303}
}

@article{francl1982a,
    author = {Francl, Michelle M. and Pietro, William J. and Hehre, Warren J. and Binkley, J. Stephen and Gordon, Mark S. and DeFrees, Douglas J. and Pople, John A.},
    title = {{Self-consistent molecular orbital methods. XXIII. A polarization-type basis set for second-row elements}},
    journal = {Journal of Chemical Physics},
    volume = {77},
    pages = {3654-3665},
    year = {1982},
    doi = {10.1063/1.444267}
}

@article{krishnan1980a,
    author = {Krishnan, R. and Binkley, J. S. and Seeger, R. and Pople, J. A.},
    title = {Self-consistent molecular orbital methods. XX. A basis set for correlated wave functions},
    journal = {Journal of Chemical Physics},
    volume = {72},
    pages = {650-654},
    year = {1980},
    doi = {10.1063/1.438955}
}

@article{mclean1980a,
    author = {McLean, A. D. and Chandler, G. S.},
    title = {{Contracted Gaussian basis sets for molecular calculations. I. Second row atoms, Z=11-18}},
    journal = {Journal of Chemical Physics},
    volume = {72},
    pages = {5639-5648},
    year = {1980},
    doi = {10.1063/1.438980}
}

@article{spitznagel1987a,
    author = {Spitznagel, Günther W. and Clark, Timothy and Schleyer, Paul von Ragué and Hehre, Warren J.},
    title = {{An evaluation of the performance of diffuse function-augmented basis sets for second row elements, Na-Cl}},
    journal = {Journal of Computational Chemistry},
    volume = {8},
    pages = {1109-1116},
    year = {1987},
    doi = {10.1002/jcc.540080807}
}




@article{gordon1982a,
    author = {Gordon, Mark S. and Binkley, J. Stephen and Pople, John A. and Pietro, William J. and Hehre, Warren J.},
    title = {Self-consistent molecular-orbital methods. 22. Small split-valence basis sets for second-row elements},
    journal = {Journal of the American Chemical Society},
    volume = {104},
    pages = {2797-2803},
    year = {1982},
    doi = {10.1021/ja00374a017}
}

@article{hariharan1973a,
    author = {Hariharan, P. C. and Pople, J. A.},
    title = {The influence of polarization functions on molecular orbital hydrogenation energies},
    journal = {Theoretical Chemistry Accounts},
    volume = {28},
    pages = {213-222},
    year = {1973},
    doi = {10.1007/bf00533485}
}

@article{hehre1972a,
    author = {Hehre, W. J. and Ditchfield, R. and Pople, J. A.},
    title = {{Self-Consistent Molecular Orbital Methods. XII. Further Extensions of Gaussian-Type Basis Sets for Use in Molecular Orbital Studies of Organic Molecules}},
    journal = {Journal of Chemical Physics},
    volume = {56},
    pages = {2257-2261},
    year = {1972},
    doi = {10.1063/1.1677527}
}
@article{moller1934note,
  title={Note on an approximation treatment for many-electron systems},
  author={M{\o}ller, Chr. and Plesset, Milton S.},
  journal={Physical Review},
  volume={46},
  number={7},
  pages={618},
  year={1934},
  publisher={APS}
}
@article{laio2002hamiltonian,
  title={{A Hamiltonian electrostatic coupling scheme for hybrid Car--Parrinello molecular dynamics simulations}},
  author={Laio, Alessandro and VandeVondele, Joost and Rothlisberger, Ursula},
  journal={Journal of Chemical Physics},
  volume={116},
  number={16},
  pages={6941--6947},
  year={2002},
  publisher={American Institute of Physics}
}

@article{hohenberg1964inhomogeneous,
  title={Inhomogeneous electron gas},
  author={Hohenberg, Pierre and Kohn, Walter},
  journal={Physical Review},
  volume={136},
  number={3B},
  pages={B864},
  year={1964},
  publisher={APS}
}
@article{kohn1965self,
  title={Self-consistent equations including exchange and correlation effects},
  author={Kohn, Walter and Sham, Lu Jeu},
  journal={Physical Review},
  volume={140},
  number={4A},
  pages={A1133},
  year={1965},
  publisher={APS}
}
@book{allen2017computer,
  title={Computer Simulation of Liquids},
  author={Allen, Michael P and Tildesley, Dominic J},
  year={2017},
  publisher={Oxford university press}
}

@article{stonebraker2010sql,
  title={{SQL databases v. NoSQL databases}},
  author={Stonebraker, Michael},
  journal={Communications of the ACM},
  volume={53},
  number={4},
  pages={10--11},
  year={2010},
  publisher={ACM New York, NY, USA}
}
@book{hursch1988sql,
  title={SQL: The Structured Query Language},
  author={Hursch, Carolyn J and Hursch, Jack L},
  year={1988},
  address={New York},
  publisher={Tab Books}
}
@inproceedings{chamberlin1974sequel,
  title={SEQUEL: A Structured English Query Language},
  author={Chamberlin, Donald D and Boyce, Raymond F},
  booktitle={{Proceedings of the 1974 ACM SIGFIDET (now SIGMOD) workshop on Data description, access and control}},
  address={\url{https://dl.acm.org/doi/proceedings/10.1145/800296}, Ann Arbor, MI},
  url={https://dl.acm.org/doi/proceedings/10.1145/800296},
  pages={249--264},
  year={1974}
}

@misc{JSspreadsheet,
  author = {Hodel, Paul},
  title = {{Jspreadsheet v4: The JavaScript spreadsheetMS Windows NT}},
  year = 2021,
  howpublished={\url{https://bossanova.uk/jspreadsheet/v4/}},
  note = {Accessed: 2021-08-31},
  url = {https://bossanova.uk/jspreadsheet/v4/},
  urldate = {2021-03-01}
}

@misc{fielding1999hypertext,
  title={{Hypertext transfer protocol--HTTP/1.1}},
  author={Fielding, Roy and Gettys, Jim and Mogul, Jeffrey and Frystyk, Henrik and Masinter, Larry and Leach, Paul and Berners-Lee, Tim},
  year={1999},
  publisher={RFC 2616, june}
}

@misc{htmlliving,
  title={HTML Living Standard},
  author={W3C},
  year={2021},
  howpublished = {\url{https://html.spec.whatwg.org/}},
  note = {Accessed: 2021-08-31},
   url = {https://html.spec.whatwg.org/},
  urldate = {2021-08-01}
}

@article{patel2013incremental,
  title={{Incremental journey for World Wide Web: Introduced with Web 1.0 to recent Web 5.0--A survey paper}},
  author={Patel, Karan},
  journal={International Journal of Advanced Research in Computer Science and Software Engineering},
  volume={3},
  number={10},
  year={2013}
}
@inproceedings{foster2005environmental,
  title={{The Environmental Molecular Sciences Laboratory, a USDOE national scientific user facility}},
  author={Foster, Nancy S},
  booktitle={{60th Northwest Regional ACS Meeting}},
  year={2005}
}
@misc{emslpnnl,
  title={{Environmental Molecular Sciences Laboratory (EMSL), A DOE Office of Science User Facility}},
  author={{Pacific Northwest National Laboratory}},
  year={2021},
  howpublished = {\url{https://www.emsl.pnnl.gov/}},
  note = {Accessed: 2021-08-31},
  urldate = {2021-08-01}
}

@misc{emslArrows,
  title={{EMSL Arrows}},
  author={Bylaska, Eric J},
  year={2021},
  howpublished = {\url{https://arrows.emsl.pnnl.gov/api/}},
  note = {Accessed: 2021-08-31},
   url = {https://arrows.emsl.pnnl.gov/api/},
  urldate = {2021-08-01}
}

@inproceedings{kimak2015role,
  title={{The role of HTML5 IndexedDB, the past, present and future}},
  author={Kimak, Stefan and Ellman, Jeremy},
  booktitle={2015 10th International Conference for Internet Technology and Secured Transactions (ICITST)},
  pages={379--383},
  year={2015},
  organization={IEEE}
}

@incollection{collins2012indexed,
  title={{Indexed DB}},
  author={Collins, Mark J},
  booktitle={Pro HTML5 With Visual Studio 2012},
  pages={255--279},
  year={2012},
  address={New York},
  publisher={Springer}
}

@article{rego20153dmol,
  title={{3Dmol.js: Molecular visualization with WebGL}},
  author={Rego, Nicholas and Koes, David},
  journal={Bioinformatics},
  volume={31},
  number={8},
  pages={1322--1324},
  year={2015},
  publisher={Oxford University Press}
}

@book{danchilla2012beginning,
  title={{Beginning WebGL for HTML5}},
  author={Danchilla, Brian},
  year={2012},
  publisher={Apress}
}

@misc{adorf2013web,
  title={{Web speech API, KTH Royal Institute of Technology}},
  author={Adorf, Julius},
  publisher={KTH Royal Institute of Technology},
  year={2013},
  howpublished={\url{https://www.juliusadorf.com/pub/web-speech-api.pdf}},
  note = {Accessed: 2021-07-31}
}

@article{bienfait2013jsme,
  title={{JSME: a free molecule editor in JavaScript}},
  author={Bienfait, Bruno and Ertl, Peter},
  journal={Journal of Cheminformatics},
  volume={5},
  number={1},
  pages={1--6},
  year={2013},
  publisher={Springer}
}

@article{weininger1988smiles,
  title={{SMILES, A chemical language and information system. 1. Introduction to methodology and encoding rules}},
  author={Weininger, David},
  journal={Journal of Chemical Information and Computer Sciences},
  volume={28},
  number={1},
  pages={31--36},
  year={1988},
  publisher={ACS Publications}
}


@article{heller2013inchi,
  title={{InChI-the worldwide chemical structure identifier standard}},
  author={Heller, Stephen and McNaught, Alan and Stein, Stephen and Tchekhovskoi, Dmitrii and Pletnev, Igor},
  journal={Journal of Cheminformatics},
  volume={5},
  number={1},
  pages={1--9},
  year={2013},
  publisher={BioMed Central}
}

@article{heller2015inchi,
  title={{InChI, the IUPAC international chemical identifier}},
  author={Heller, Stephen R and McNaught, Alan and Pletnev, Igor and Stein, Stephen and Tchekhovskoi, Dmitrii},
  journal={Journal of Cheminformatics},
  volume={7},
  number={1},
  pages={1--34},
  year={2015},
  publisher={BioMed Central}
}

@article{heller2009iupac,
  title={{The IUPAC international chemical identifier (InChI)}},
  author={Heller, Stephen R and McNaught, Alan D},
  journal={Chemistry International},
  volume={31},
  number={1},
  pages={7},
  year={2009}
}

@article{southan2013inchi,
  title={{InChI in the wild: an assessment of InChIKey searching in Google}},
  author={Southan, Christopher},
  journal={Journal of Cheminformatics},
  volume={5},
  number={1},
  pages={1--10},
  year={2013},
  publisher={Springer}
}

@article{kanehisa2000kegg,
  title={{KEGG: Kyoto encyclopedia of genes and genomes}},
  author={Kanehisa, Minoru and Goto, Susumu},
  journal={Nucleic acids research},
  volume={28},
  number={1},
  pages={27--30},
  year={2000},
  publisher={Oxford University Press}
}

@article{westbrook2003pdb,
  title={{The PDB format, mmCIF formats, and other data formats}},
  author={Westbrook, John D and Fitzgerald, Paula MD},
  journal={Structural bioinformatics},
  volume={44},
  pages={159--179},
  year={2003},
  publisher={John Wiley and Sons, Inc., Hoboken, NJ}
}

@article{gaulton2017chembl,
  title={{The ChEMBL database in 2017}},
  author={Gaulton, Anna and Hersey, Anne and Nowotka, Micha{\l} and Bento, A Patricia and Chambers, Jon and Mendez, David and Mutowo, Prudence and Atkinson, Francis and Bellis, Louisa J and Cibri{\'a}n-Uhalte, Elena and others},
  journal={Nucleic Acids Research},
  volume={45},
  number={D1},
  pages={D945--D954},
  year={2017},
  publisher={Oxford University Press}
}

@article{kim2016pubchem,
  title={PubChem substance and compound databases},
  author={Kim, Sunghwan and Thiessen, Paul A and Bolton, Evan E and Chen, Jie and Fu, Gang and Gindulyte, Asta and Han, Lianyi and He, Jane and He, Siqian and Shoemaker, Benjamin A and others},
  journal={Nucleic acids research},
  volume={44},
  number={D1},
  pages={D1202--D1213},
  year={2016},
  publisher={Oxford University Press}
}



@article{williams2014royal,
  title={{The Royal Society of Chemistry and the delivery of chemistry data repositories for the community}},
  author={Williams, Antony and Tkachenko, Valery},
  journal={Journal of Computer-Aided Molecular Design},
  volume={28},
  number={10},
  pages={1023--1030},
  year={2014},
  publisher={Springer}
}

@article{ayers2012chemspider,
  title={{ChemSpider: The free chemical database}},
  author={Ayers, Meredith},
  journal={Reference Reviews},
  volume={26},
  number={7},
  year={\url{https://www.emerald.com/insight/content/doi/10.1108/09504121211271059/full/html}, 2012},
  publisher={Emerald Group Publishing Limited}
}

@article{weisgerber1997chemical,
  title={Chemical abstracts service chemical registry system: history, scope, and impacts},
  author={Weisgerber, David W},
  journal={Journal of the American Society for Information Science},
  volume={48},
  number={4},
  pages={349--360},
  year={1997},
  publisher={Wiley Online Library}
}

@book{favre2013nomenclature,
  title={{Nomenclature of organic chemistry: IUPAC recommendations and preferred names 2013}},
  author={Favre, Henri A and Powell, Warren H},
  year={2013},
  address={London},
  publisher={Royal Society of Chemistry}
}

@article{bairoch2000enzyme,
  title={{The ENZYME database in 2000}},
  author={Bairoch, Amos},
  journal={Nucleic acids research},
  volume={28},
  number={1},
  pages={304--305},
  year={2000},
  publisher={Oxford University Press}
}

@article{wishart2006drugbank,
  title={{DrugBank: A comprehensive resource for in silico drug discovery and exploration}},
  author={Wishart, David S and Knox, Craig and Guo, An Chi and Shrivastava, Savita and Hassanali, Murtaza and Stothard, Paul and Chang, Zhan and Woolsey, Jennifer},
  journal={Nucleic Acids Research},
  volume={34},
  number={suppl\_1},
  pages={D668--D672},
  year={2006},
  publisher={Oxford University Press}
}

@article{hellenbrandt2004inorganic,
  title={{The inorganic crystal structure database (ICSD)—present and future}},
  author={Hellenbrandt, Mariette},
  journal={Crystallography Reviews},
  volume={10},
  number={1},
  pages={17--22},
  year={2004},
  publisher={Taylor \& Francis}
}
@article{ong2013python,
  title={Python Materials Genomics (pymatgen): A robust, open-source python library for materials analysis},
  author={Ong, Shyue Ping and Richards, William Davidson and Jain, Anubhav and Hautier, Geoffroy and Kocher, Michael and Cholia, Shreyas and Gunter, Dan and Chevrier, Vincent L and Persson, Kristin A and Ceder, Gerbrand},
  journal={Computational Materials Science},
  volume={68},
  pages={314--319},
  year={2013},
  publisher={Elsevier}
}

@article{hall1991crystallographic,
  title={The crystallographic information file (CIF): a new standard archive file for crystallography},
  author={Hall, Sydney R and Allen, Frank H and Brown, I David},
  journal={Acta Crystallographica Section A: Foundations of Crystallography},
  volume={47},
  number={6},
  pages={655--685},
  year={1991},
  publisher={International Union of Crystallography}
}

@article{chen2012construction,
  title={Construction of a robust, large-scale, collaborative database for raw data in computational chemistry: The Collaborative Chemistry Database Tool (CCDBT)},
  author={Chen, Mingyang and Stott, Amanda C and Li, Shenggang and Dixon, David A},
  journal={Journal of Molecular Graphics and Modelling},
  volume={34},
  pages={67--75},
  year={2012},
  publisher={Elsevier}
}

@article{schmidt1998construction,
  title={{The construction and interpretation of MCSCF wavefunctions}},
  author={Schmidt, Michael W and Gordon, Mark S},
  journal={Annual review of physical chemistry},
  volume={49},
  number={1},
  pages={233--266},
  year={1998},
  publisher={Annual Reviews 4139 El Camino Way, PO Box 10139, Palo Alto, CA 94303-0139, USA}
}

@article{roothaan1960self,
  title={Self-consistent field theory for open shells of electronic systems},
  author={Roothaan, CCJ},
  journal={Reviews of modern physics},
  volume={32},
  number={2},
  pages={179},
  year={1960},
  publisher={APS}
}

@article{ross1952calculations,
  title={Calculations of the energy levels of acetylene by the method of antisymmetric molecular orbitals, including $\sigma$-$\pi$ interaction},
  author={Ross, I Ge},
  journal={Transactions of the Faraday Society},
  volume={48},
  pages={973--991},
  year={1952},
  publisher={Royal Society of Chemistry}
}

@book{szabo2012modern,
  title={Modern quantum chemistry: introduction to advanced electronic structure theory},
  author={Szabo, Attila and Ostlund, Neil S},
  year={2012},
  publisher={Courier Corporation}
}

@article{kumaran1996ab,
  title={{Ab initio calculations and three different applications of unimolecular rate theory for the dissociations of CCl$_4$, CFCl$_3$, CF$_2$Cl$_2$, and CF$_3$Cl}},
  author={Kumaran, SS and Su, M-C and Lim, KP and Michael, JV and Wagner, AF and Harding, Lawerence B and Dixon, David A},
  journal={The Journal of Physical Chemistry},
  volume={100},
  number={18},
  pages={7541--7549},
  year={1996},
  publisher={ACS Publications}
}

@article{feller2001extended,
  title={Extended benchmark studies of coupled cluster theory through triple excitations},
  author={Feller, David and Dixon, David A},
  journal={{The Journal of Chemical Physics}},
  volume={115},
  number={8},
  pages={3484--3496},
  year={2001},
  publisher={American Institute of Physics}
}

@article{feller2003performance,
  title={Performance of coupled cluster theory in thermochemical calculations of small halogenated compounds},
  author={Feller, David and Peterson, Kirk A and De Jong, Wibe A and Dixon, David A},
  journal={The Journal of Chemical Physics},
  volume={118},
  number={8},
  pages={3510--3522},
  year={2003},
  publisher={American Institute of Physics}
}

@article{chen2013water,
  title={Water assisted reaction mechanism of OH- with CCl4 in aqueous solution--Hybrid quantum mechanical and molecular mechanics investigation},
  author={Chen, Jie and Yin, Hongyun and Wang, Dunyou and Valiev, Marat},
  journal={Chemical Physics Letters},
  volume={559},
  pages={30--34},
  year={2013},
  publisher={Elsevier}
}

@article{robertson2002solvation,
  title={Solvation of the Cl-⊙ H2O Complex in CCl4 Clusters: The Effect of Solvent-Mediated Charge Redistribution on the Ionic H-Bond},
  author={Robertson, William H and Weddle, Gary H and Kelley, Jude A and Johnson, Mark A},
  journal={The Journal of Physical Chemistry A},
  volume={106},
  number={7},
  pages={1205--1209},
  year={2002},
  publisher={ACS Publications}
}

@article{wang2012hybrid,
  title={{Hybrid Quantum Mechanical and Molecular Mechanics Study of the S$_N$2 Reaction of CCl$_4$ + OH$^-$ in Aqueous Solution: The Potential of Mean Force, Reaction Energetics, and Rate Constants}},
  author={Wang, Tingting and Yin, Hongyun and Wang, Dunyou and Valiev, Marat},
  journal={The Journal of Physical Chemistry A},
  volume={116},
  number={9},
  pages={2371--2376},
  year={2012},
  publisher={ACS Publications}
}

@inproceedings{tratnyek1998situ,
  title={In situ treatment of organics by sequential reduction and oxidation},
  author={Tratnyek, PG and Johnson, TL and Warner, SD and Clarke, HS and Baker, JA},
  booktitle={Proceedings of the First International Conference on Remediation of Chlorinated and Recalcitrant Compounds},
  volume={1},
  pages={5},
  year={1998}
}

@book{national1978chloroform,
  title={{Chloroform, Carbon Tetrachloride, and Other Halomethanes: An Environmental Assessment: A Report}},
  author={National Research Council (US). Panel on Low Molecular Weight Halogenated Hydrocarbons and National Research Council Staff and others},
  year={1978},
  address={Washington, D.C.},
  publisher={National Academy Press}
}

@book{pankow1996dense,
  title={{Dense chlorinated solvents and other DNAPLs in groundwater: History, behavior, and remediation}},
  author={Pankow, James F and Cherry, John A},
  year={1996},
  address={Waterloo, IN},
  publisher={Waterloo Press}
}

@techreport{truex2001assessment,
  title={Assessment of carbon tetrachloride groundwater transport in support of the Hanford carbon tetrachloride innovative technology demonstration program},
  author={Truex, Michael J and Murray, Christopher J and Cole, Charles R and Cameron, Richard J and Johnson, Michael D and Skeen, Rodney S and Johnson, Christian D},
  year={2001},
  institution={Pacific Northwest National Lab., Richland, WA (US)}
}

@article{amonette2000dechlorination,
  title={{Dechlorination of carbon tetrachloride by Fe(II) associated with goethite}},
  author={Amonette, James E and Workman, Darla J and Kennedy, David W and Fruchter, Jonathan S and Gorby, Yuri A},
  journal={Environmental Science \& Technology},
  volume={34},
  number={21},
  pages={4606--4613},
  year={2000},
  publisher={ACS Publications}
}

@article{kriegman1994transformation,
  title={Transformation of carbon tetrachloride by pyrite in aqueous solution},
  author={Kriegman-King, Michelle R and Reinhard, M},
  journal={Environmental Science \& Technology},
  volume={28},
  number={4},
  pages={692--700},
  year={1994},
  publisher={ACS Publications}
}

@article{kriegman1992transformation,
  title={Transformation of carbon tetrachloride in the presence of sulfide, biotite, and vermiculite},
  author={Kriegman-King, Michelle R and Reinhard, Martin},
  journal={Environmental Science \& Technology},
  volume={26},
  number={11},
  pages={2198--2206},
  year={1992},
  publisher={ACS Publications}
}

@article{pecher2002reduction,
  title={{Reduction of polyhalogenated methanes by surface-bound Fe(II) in aqueous suspensions of iron oxides}},
  author={Pecher, Klaus and Haderlein, Stefan B and Schwarzenbach, Ren{\'e} P},
  journal={{Environmental Science \& Technology}},
  volume={36},
  number={8},
  pages={1734--1741},
  year={2002},
  publisher={ACS Publications}
}

@article{assaf1994reduction,
  title={{Reduction dechlorination of carbon tetrachloride by cobalamin(II) in the presence of dithiothreitol: mechanistic study, effect of redox potential and pH}},
  author={Assaf-Anid, Nada and Hayes, Kim F and Vogel, Timothy M},
  journal={Environmental Science \& Technology},
  volume={28},
  number={2},
  pages={246--252},
  year={1994},
  publisher={ACS Publications}
}

@article{krone1991reductive,
  title={{Reductive formation of carbon monoxide from carbon tetrachloride and FREONS 11, 12, and 13 catalyzed by corrinoids}},
  author={Krone, Ute E and Thauer, Rudolf K and Hogenkamp, Harry PC and Steinbach, Klaus},
  journal={Biochemistry},
  volume={30},
  number={10},
  pages={2713--2719},
  year={1991},
  publisher={ACS Publications}
}

@article{koper1998theory,
  title={A theory for adiabatic bond breaking electron transfer reactions at metal electrodes},
  author={Koper, Marc TM and Voth, Gregory A},
  journal={Chemical Physics Letters},
  volume={282},
  number={1},
  pages={100--106},
  year={1998},
  publisher={Elsevier}
}

@article{saveant1987simple,
  title={{A simple model for the kinetics of dissociative electron transfer in polar solvents. Application to the homogeneous and heterogeneous reduction of alkyl halides}},
  author={Saveant, Jean Michel},
  journal={Journal of the American Chemical Society},
  volume={109},
  number={22},
  pages={6788--6795},
  year={1987},
  publisher={ACS Publications}
}

@article{camaioni2009modeling,
  title={{Modeling the Reaction of Fe Atoms with CCl$_4$}},
  author={Camaioni, Donald M and Ginovska, Bojana and Dupuis, Michel},
  journal={The Journal of Physical Chemistry C},
  volume={113},
  number={5},
  pages={1830--1836},
  year={2009},
  publisher={ACS Publications}
}

@article{SOUAILLE200140,
title = {Extension to the weighted histogram analysis method: combining umbrella sampling with free energy calculations},
journal = {Computer Physics Communications},
volume = {135},
number = {1},
pages = {40-57},
year = {2001},
issn = {0010-4655},
doi = {https://doi.org/10.1016/S0010-4655(00)00215-0},
url = {https://www.sciencedirect.com/science/article/pii/S0010465500002150},
author = {Marc Souaille and Benoı̂t Roux},
keywords = {Simulations, Sampling, Biomolecules, Computer alchemy},
abstract = {The Weighted Histogram Analysis Method (WHAM) of Kumar et al. (J. Comput. Chem. 13 (1992) 1011), is used to combine free energy perturbations with umbrella sampling calculations. The formulation is general and allows optimal calculation of the free energies from a set of molecular dynamics simulations generated in the presence of arbitrary biasing umbrella sampling window potentials. The method yields the free energy associated with a given simulation as well as the probability distribution of the molecular system configurations by extracting the information contained in all the biased simulations (the windows) in an optimal way. The method presents some advantages compared to the standard free energy perturbation (FEP) and thermodynamic integration (TI) methods, because the window potential can be used for restricting the conformational space to specific regions during free energy calculations.}
}